% Encoding: UTF-8

@Article{Roga2014,
  author        = {{Rogalski}, D.},
  title         = {{An introduction to Noncommutative Projective Geometry}},
  journal       = {ArXiv e-prints},
  year          = {2014},
  month         = mar,
  adsnote       = {Provided by the SAO/NASA Astrophysics Data System},
  adsurl        = {http://adsabs.harvard.edu/abs/2014arXiv1403.3065R},
  archiveprefix = {arXiv},
  eprint        = {1403.3065},
  keywords      = {Mathematics - Rings and Algebras},
  primaryclass  = {math.RA},
}

@Book{LoVa2012,
  title     = {Algebraic Operads},
  publisher = {Springer Berlin Heidelberg},
  year      = {2012},
  author    = {Loday, Jean-Louis and Vallette, Bruno},
  date      = {2012-08-08},
  ean       = {9783642303623},
  pagetotal = {636},
  url       = {http://www.ebook.de/de/product/19950895/jean_louis_loday_bruno_vallette_algebraic_operads.html},
}
		</pre>
		<pre>

@Article{ArSc1987,
  author   = {Artin, Michael and Schelter, William F.},
  title    = {Graded algebras of global dimension {$3$}},
  journal  = {Advances in Mathematics},
  year     = {1987},
  volume   = {66},
  number   = {2},
  pages    = {171--216},
  issn     = {0001-8708},
  doi      = {10.1016/0001-8708(87)90034-X},
  keywords = {16A03 (16A48)},
  mrnumber = {917738},
}

@Article{ChYZ2016,
  author    = {Xiaojun Chen and Song Yang and Guodong Zhou},
  title     = {Batalin-Vilkovisky algebras and the noncommutative Poincar{\'{e}} duality of Koszul Calabi-Yau algebras},
  journal   = {Journal of Pure and Applied Algebra},
  year      = {2016},
  volume    = {220},
  number    = {7},
  pages     = {2500--2532},
  month     = {jul},
  doi       = {10.1016/j.jpaa.2015.11.016},
  publisher = {Elsevier {BV}},
}
		</pre>
		<pre>

@Article{Quil1969,
  author   = {Quillen, Daniel},
  title    = {Rational homotopy theory},
  journal  = {Annals of Mathematics. Second Series},
  year     = {1969},
  volume   = {90},
  pages    = {205--295},
  issn     = {0003-486X},
  doi      = {10.2307/1970725},
  keywords = {55.40},
  mrnumber = {0258031},
}
		</pre>
		<pre>

@Book{Mani1988,
  title     = {Quantum groups and noncommutative geometry},
  publisher = {Universit\'e de Montr\'eal, Centre de Recherches Math\'ematiques, Montreal, QC},
  year      = {1988},
  author    = {Manin, Yu. I.},
  isbn      = {2-921120-00-3},
  keywords  = {17A45 (16W30 17B37 46L87 81R50)},
  mrnumber  = {1016381},
  pages     = {vi+91},
}

@Book{MacL1995,
  title     = {Homology},
  publisher = {Springer},
  year      = {1995},
  author    = {MacLane, Saunders},
  isbn      = {3540586628},
  date      = {1995-02-15},
  ean       = {9783540586623},
  pagetotal = {440},
  url       = {http://www.ebook.de/de/product/7388115/saunders_maclane_homology.html},
}

@Book{GeMa2002,
  title     = {Methods of Homological Algebra},
  publisher = {Springer-Verlag GmbH},
  year      = {2002},
  author    = {Gelfand, Sergei J. and Manin, Yuri Ivanovich},
  isbn      = {3540435832},
  date      = {2002-11-11},
  ean       = {9783540435839},
  url       = {http://www.ebook.de/de/product/1314093/sergei_j_gelfand_yuri_ivanovich_manin_methods_of_homological_algebra.html},
}

@Book{GeMa1999,
  title     = {Homological Algebra},
  publisher = {Springer},
  year      = {1999},
  author    = {Gelfand, S. I. and Manin, Yu. I.},
  isbn      = {3540653783},
  date      = {1999-05-20},
  ean       = {9783540653783},
  pagetotal = {236},
  url       = {http://www.ebook.de/de/product/21536272/s_i_gelfand_yu_i_manin_homological_algebra.html},
}
		</pre>
		<pre>

@Book{Rieh2014,
  title     = {Categorical homotopy theory},
  publisher = {Cambridge University Press, Cambridge},
  year      = {2014},
  author    = {Riehl, Emily},
  volume    = {24},
  series    = {New Mathematical Monographs},
  isbn      = {978-1-107-04845-4},
  doi       = {10.1017/CBO9781107261457},
  keywords  = {18G55 (18D20 55U35)},
  mrnumber  = {3221774},
  pages     = {xviii+352},
}

@Book{Lane1998,
  title     = {Categories for the Working Mathematician},
  publisher = {Springer-Verlag New York Inc.},
  year      = {1998},
  author    = {Lane, Saunders Mac},
  isbn      = {0387984038},
  date      = {1998-09-25},
  ean       = {9780387984032},
  pagetotal = {329},
  url       = {http://www.ebook.de/de/product/1381115/saunders_mac_lane_categories_for_the_working_mathematician.html},
}
<pre>

@Article{BaMR2014,
  author   = {Barthel, Tobias and May, J. P. and Riehl, Emily},
  title    = {Six model structures for {DG}-modules over {DGA}s: model category theory in homological action},
  journal  = {New York Journal of Mathematics},
  year     = {2014},
  volume   = {20},
  pages    = {1077--1159},
  issn     = {1076-9803},
  keywords = {16E45 (18G55)},
  mrnumber = {3291613},
}
		</pre>
		<pre>

@Article{DwKa1980,
  author   = {Dwyer, W. G. and Kan, D. M.},
  title    = {Simplicial localizations of categories},
  journal  = {Journal of Pure and Applied Algebra},
  year     = {1980},
  volume   = {17},
  number   = {3},
  pages    = {267--284},
  issn     = {0022-4049},
  doi      = {10.1016/0022-4049(80)90049-3},
  keywords = {55U35 (18D20)},
  mrnumber = {579087},
}
		</pre>
		<pre>

@Book{Quil1967,
  title     = {Homotopical algebra},
  publisher = {Springer-Verlag, Berlin-New York},
  year      = {1967},
  author    = {Quillen, Daniel G.},
  series    = {Lecture Notes in Mathematics, No. 43},
  keywords  = {18.20 (55.00)},
  mrnumber  = {0223432},
  pages     = {iv+156 pp. (not consecutively paged)},
}
		</pre>
		<pre>

@Article{Prid1970,
  author        = {Priddy, Stewart B.},
  title         = {Koszul resolutions and the {S}teenrod algebra},
  journal       = {Bulletin of the American Mathematical Society},
  year          = {1970},
  volume        = {76},
  pages         = {834--839},
  issn          = {0002-9904},
  __markedentry = {[thinkpad:]},
  doi           = {10.1090/S0002-9904-1970-12575-7},
  keywords      = {18.20},
  mrnumber      = {0265438},
}
		</pre>
		<pre>

@Article{Prid1970a,
  author        = {Priddy, Stewart B.},
  title         = {Koszul resolutions},
  journal       = {Transactions of the American Mathematical Society},
  year          = {1970},
  volume        = {152},
  pages         = {39--60},
  issn          = {0002-9947},
  __markedentry = {[thinkpad:]},
  doi           = {10.2307/1995637},
  keywords      = {18.20},
  mrnumber      = {0265437},
}
		</pre>
		<pre>

@Article{GiKa1994,
  author        = {Ginzburg, Victor and Kapranov, Mikhail},
  title         = {Koszul duality for operads},
  journal       = {Duke Mathematical Journal},
  year          = {1994},
  volume        = {76},
  number        = {1},
  pages         = {203--272},
  issn          = {0012-7094},
  __markedentry = {[thinkpad:6]},
  doi           = {10.1215/S0012-7094-94-07608-4},
  keywords      = {18D10 (14H10 16S99 18G50 55P47)},
  mrnumber      = {1301191},
}

@Comment{jabref-meta: databaseType:bibtex;}
